@article{japkowicz2002class,
  title={The class imbalance problem: A systematic study},
  author={Japkowicz, Nathalie and Stephen, Shaju},
  journal={Intelligent data analysis},
  volume={6},
  number={5},
  pages={429--449},
  year={2002},
  publisher={IOS Press}
}

@incollection{dehmeshki2003rule,
  title={A rule-based scheme for filtering examples from majority class in an imbalanced training set},
  author={Dehmeshki, Jamshid and Karak{\"o}y, Mustafa and Casique, Manlio Valdivieso},
  booktitle={Machine Learning and Data Mining in Pattern Recognition},
  pages={215--223},
  year={2003},
  publisher={Springer}
}

@inproceedings{kubat1997addressing,
  title={Addressing the Curse of Imbalanced Training Sets: One-Sided Selection},
  author={Kubat, Miroslav and Matwin, Stan},
  booktitle={In Proceedings of the Fourteenth International Conference on Machine Learning},
  year={1997}
}

@inproceedings{chan1998toward,
  title={Toward Scalable Learning with Non-Uniform Class and Cost Distributions: A Case Study in Credit Card Fraud Detection.},
  author={Chan, Philip K and Stolfo, Salvatore J},
  booktitle={KDD},
  volume={1998},
  pages={164--168},
  year={1998}
}

@inproceedings{bahnsen2014example,
  title={Example-dependent cost-sensitive logistic regression for credit scoring},
  author={Bahnsen, Alejandro Correa and Aouada, Djamia and Ottersten, Bjorn},
  booktitle={Machine Learning and Applications (ICMLA), 2014 13th International Conference on},
  pages={263--269},
  year={2014},
  organization={IEEE}
}

@article{chawla2002smote,
  title={SMOTE: synthetic minority over-sampling technique},
  author={Chawla, Nitesh V. and Bowyer, Kevin W. and Hall, Lawrence O. and Kegelmeyer, W. Philip},
  journal={Journal of artificial intelligence research},
  pages={321--357},
  year={2002}
}
